@online{fox2009,
	author = "Jacob Fox",
	title = "Lecture 18 of MAT 307: Combinatorics",
	year = 2009,
	url  = "https://math.mit.edu/~fox/MAT307-lecture18.pdf",
	shorthand = "Fox09",
}

@online{OEIS:A109499,
	author = "OEIS Foundation Inc.",
	year = 2024,
	title = "Number of closed walks of length n on the complete graph on 5 nodes from a given node, Entry A109499 in The On-Line Encyclopedia of Integer Sequences",
	url = "https://oeis.org/A109499",
	shorthand = "OEIS:A109499",
}
